<?xml version="1.0" encoding="UTF-8"?><collection xmlns="http://www.loc.gov/MARC21/slim"><record><leader>00373nam--2200133-i-4500</leader><controlfield tag="001">000016770</controlfield><controlfield tag="002">20161230</controlfield><controlfield tag="005">20161230201032</controlfield><controlfield tag="008">060222s1000------------r-----000-0-eng-d</controlfield><datafield ind1=" " ind2=" " tag="080"><subfield code="a">061.62(485):001.891(047.1)</subfield></datafield><datafield ind1=" " ind2=" " tag="245"><subfield code="a">Afi biennial report:1986-1987</subfield></datafield><datafield ind1=" " ind2=" " tag="260"><subfield code="a">Stockholm, Research Institute Of Physics, 1987 70 P</subfield></datafield><datafield ind1=" " ind2=" " tag="700"><subfield code="a">Liotta, R.And Oppenheimer, E</subfield></datafield><datafield ind1=" " ind2=" " tag="852"><subfield code="a">72503</subfield></datafield></record></collection>